<?xml version="1.0" encoding="UTF-8" ?>
<collection xmlns:xsi="http://www.w3.org/2001/XMLSchema-instance" xsi:schemaLocation="http://www.loc.gov/MARC21/slim http://www.loc.gov/standards/marcxml/schema/MARC21slim.xsd" xmlns="http://www.loc.gov/MARC21/slim">
   <record>
      <leader>     mam a22      a 4500</leader>
      <controlfield tag="001">1681413</controlfield>
      <controlfield tag="003">COO</controlfield>
      <controlfield tag="005">20140824232628.0</controlfield>
      <controlfield tag="008">820203s1934    ua            000 0 araod</controlfield>
      <datafield tag="025" ind1=" " ind2=" ">
         <subfield code="a">77961798</subfield>
      </datafield>
      <datafield tag="035" ind1=" " ind2=" ">
         <subfield code="a">(NIC)notisAHW9507</subfield>
      </datafield>
      <datafield tag="035" ind1=" " ind2=" ">
         <subfield code="a">(OCoLC)23510529</subfield>
      </datafield>
      <datafield tag="035" ind1=" " ind2=" ">
         <subfield code="a">1681413</subfield>
      </datafield>
      <datafield tag="040" ind1=" " ind2=" ">
         <subfield code="a">MiU</subfield>
         <subfield code="c">MiU</subfield>
         <subfield code="d">NIC</subfield>
      </datafield>
      <datafield tag="100" ind1="1" ind2=" ">
         <subfield code="a">Ghamrāwī, Muḥammad al-Zahrī.</subfield>
      </datafield>
      <datafield tag="245" ind1="1" ind2="3">
         <subfield code="a">al-Sirāj al-wahhāj /</subfield>
         <subfield code="c">sharḥ Muḥammad al-Zahrī al-Ghamrāwī ʻalá Matn al-minhāj Yaḥya ́al-Nawawī.</subfield>
      </datafield>
      <datafield tag="260" ind1=" " ind2=" ">
         <subfield code="a">[al-Qāhirah :</subfield>
         <subfield code="b">Maktabat wa-Maṭbaʻat Muṣṭafá al-Bānī al-Ḥalabī,</subfield>
         <subfield code="c">1934]</subfield>
      </datafield>
      <datafield tag="300" ind1=" " ind2=" ">
         <subfield code="a">652 p. ;</subfield>
         <subfield code="c">28 cm.</subfield>
      </datafield>
      <datafield tag="650" ind1=" " ind2="0">
         <subfield code="a">Shafiites.</subfield>
      </datafield>
      <datafield tag="600" ind1="1" ind2="0">
         <subfield code="a">Nawawī,</subfield>
         <subfield code="d">1233-1277.</subfield>
         <subfield code="t">Minhāj al-ṭālibīn.</subfield>
      </datafield>
      <datafield tag="650" ind1=" " ind2="0">
         <subfield code="a">Islamic law.</subfield>
      </datafield>
      <datafield tag="700" ind1="1" ind2=" ">
         <subfield code="a">Nawawī,</subfield>
         <subfield code="d">1233-1277.</subfield>
         <subfield code="t">Minhāj al-ṭālibīn.</subfield>
      </datafield>
      <datafield tag="740" ind1="0" ind2=" ">
         <subfield code="a">Sirāj al-wahhāj ʻalá sharḥ al-minhāj.</subfield>
      </datafield>
      <datafield tag="905" ind1=" " ind2=" ">
         <subfield code="a">19930830120000.0</subfield>
      </datafield>
      <datafield tag="950" ind1=" " ind2=" ">
         <subfield code="a">BP130.4</subfield>
         <subfield code="b">.G34</subfield>
      </datafield>
      <datafield tag="903" ind1=" " ind2=" ">
         <subfield code="a">NYUACO</subfield>
         <subfield code="d">20141028</subfield>
         <subfield code="p">31924063626950</subfield>
      </datafield>
      <datafield tag="950" ind1=" " ind2=" ">
         <subfield code="a">+</subfield>
         <subfield code="b">BP153 .G31 1934</subfield>
         <subfield code="v"> </subfield>
      </datafield>
   </record>
</collection>
